<record><leader>00000cas a22000007a 4500</leader><controlfield tag="001">12899592</controlfield><controlfield tag="008">851212d18691874ohudr ne      0    0ger d</controlfield><datafield ind1=" " ind2=" " tag="010"><subfield code="a">sn 85034483 </subfield></datafield><datafield ind1=" " ind2=" " tag="040"><subfield code="a">NPU</subfield><subfield code="b">eng</subfield><subfield code="c">NPU</subfield><subfield code="d">ONP</subfield><subfield code="d">OCLCQ</subfield></datafield><datafield ind1=" " ind2=" " tag="042"><subfield code="a">msc</subfield></datafield><datafield ind1="0" ind2=" " tag="130"><subfield code="a">Ta&#776;glicher Cincinnati Courier (Cincinnati, Ohio : 1869)</subfield></datafield><datafield ind1="1" ind2="0" tag="245"><subfield code="a">Ta&#776;glicher Cincinnati Courier.</subfield></datafield><datafield ind1=" " ind2=" " tag="260"><subfield code="a">Cincinnati [Ohio] :</subfield><subfield code="b">Cincinnati Courier Co.,</subfield><subfield code="c">1869-</subfield></datafield><datafield ind1=" " ind2=" " tag="300"><subfield code="a">v. ;</subfield><subfield code="c">72 cm.</subfield></datafield><datafield ind1=" " ind2=" " tag="310"><subfield code="a">Daily</subfield></datafield><datafield ind1="0" ind2=" " tag="362"><subfield code="a">Jahrg. 1, no. 33 (6 Dec 1869)-jahrg. 5, no. 183 (12 Mai 1874).</subfield></datafield><datafield ind1=" " ind2=" " tag="500"><subfield code="a">Sunday issues published as: Sonntags-blatt des Cincinnati courier, Dec. 6, 1869-May 10, 1874.</subfield></datafield><datafield ind1=" " ind2=" " tag="546"><subfield code="a">In German.</subfield></datafield><datafield ind1=" " ind2=" " tag="580"><subfield code="a">Weekly ed.: Wochen-blatt des Cincinnati Courier.</subfield></datafield><datafield ind1=" " ind2=" " tag="752"><subfield code="a">United States</subfield><subfield code="b">Ohio</subfield><subfield code="c">Hamilton</subfield><subfield code="d">Cincinnati.</subfield></datafield><datafield ind1="1" ind2=" " tag="775"><subfield code="t">Wochen-Blatt des Cincinnati Courier</subfield><subfield code="w">(DLC)sn 85034484</subfield></datafield><datafield ind1="0" ind2="0" tag="780"><subfield code="t">Cincinnati Courier</subfield></datafield></record>